% https://www.embedded.com/how-software-defined-radios-handle-ultra-wide-frequency-tuning/

@misc{weatherWeatherBalloons,
	author = {},
	title = {{W}eather {B}alloons --- weather.gov},
	howpublished = {\url{https://www.weather.gov/bmx/kidscorner_weatherballoons#:~:text=The%20balloon%20flights%20last%20for,20%20miles)%20in%20the%20atmosphere!}},
	year = {},
	note = {[Accessed 12-08-2023]},
}